@book{hatcher2002algebraic,
  title={Algebraic Topology},
  author={Hatcher, A.},
  isbn={9780521795401},
  lccn={00065166},
  series={Algebraic Topology},
  year={2002},
  publisher={Cambridge University Press}
}

@misc{millerreprqm,
  title={Representation Theory And Quantum Mechanics},
  author={Miller, Noah},
  year={2018}
}
